% Conference titles
@String{asplos96 = "Proceedings of the 7th International Conference on
                 Architectural Support for Programming Languages and
                 Operating Systems (ASPLOS~VII)"}

@String{asplos04 = "Proceedings of the 11th International Conference on
                 Architectural Support for Programming Languages and
                 Operating Systems (ASPLOS~XI)"}

@String{cluster00 = "Proceedings of the IEEE International Conference on
                 Cluster Computing 2000"}

@String{fast02 = "Proceedings of the 1st USENIX Conference on File and
                 Storage Technologies (FAST~'02)"}

@String{fast03 = "Proceedings of the 2nd USENIX Conference on File and
                 Storage Technologies (FAST~'03)"}

@String{fast04 = "Proceedings of the 3rd USENIX Conference on File and
                 Storage Technologies (FAST~'04)"}

@String{fast05 = "Proceedings of the 4th USENIX Conference on File and
                 Storage Technologies (FAST~'05)"}

@String{hotos03 = "Proceedings of the 9th Workshop on Hot Topics in
                 Operating Systems (HotOS~IX)"}

@String{hpdc04 = "Proceedings of the 13th IEEE International Symposium
                 on High-Performance Distributed Computing"}

@String{networking02 = "Revised Papers from the NETWORKING 2002
                 Workshops on Web Engineering and Peer-to-Peer
                 Computing"}

@String{osdi02 = "Proceedings of the 5th Symposium on Operating Systems
                 Design and Implementation (OSDI~'02)"}

@String{sigmetrics00 = "Proceedings of the International Conference on
                 Measurements and Modeling of Computer Systems
                 (SIGMETRICS~2000)"}

@String{sigops92 = "Proceedings of the 5th {ACM SIGOPS} European
                 Workshop"}

@String{sigops02 = "Proceedings of the 10th {ACM SIGOPS} European
                 Workshop"}

@String{sosp91 = "Proceedings of the 13th {ACM} Symposium on Operating
                 Systems Principles (SOSP~'91)"}

@String{sosp95 = "Proceedings of the 15th {ACM} Symposium on Operating
                 Systems Principles (SOSP~'95)"}

@String{sosp97 = "Proceedings of the 16th {ACM} Symposium on Operating
                 Systems Principles (SOSP~'97)"}

@String{sosp99 = "Proceedings of the 17th {ACM} Symposium on Operating
                 Systems Principles (SOSP~'99)"}

@String{sosp03 = "Proceedings of the 19th {ACM} Symposium on Operating
                 Systems Principles"}

@String{srds02 = "Proceedings of the 21st Symposium on Reliable
                 Distributed Systems (SRDS~2002)"}

@String{usenix94 = "Proceedings of the {USENIX} Summer 1994 Technical
                 Conference"}

@String{workos93 = "Proceedings of the Fourth Workshop on Workstation
                 Operating Systems"}

% Cities
@String{boltonlanding = "Bolton Landing, New York"}

@String{boston = "Boston, Massachusetts"}

@String{cambridge = "Cambridge, Massachusetts"}

@String{charleston = "Charleston, South Carolina"}

@String{chemnitz = "Chemnitz, Germany"}

@String{coppermountain = "Copper Mountain Resort, Colorado"}

@String{honolulu = "Honolulu, Hawaii"}

@String{lihue =  "Lihue, Hawaii"}

@String{london = "London, United Kingdom"}

@String{monterey = "Monterey, California"}

@String{napa =   "Napa, California"}

@String{osaka =  "Osaka, Japan"}

@String{pacificgrove = "Pacific Grove, California"}

@String{saintmichel = "Le Mont Saint-Michel, France"}

@String{saintemilion = "Saint-Emilion, France"}

@String{saintmalo = "Saint-Malo, France"}

@String{sanfran = "San Francisco, California"}

@String{santaclara = "Santa Clara, California"}

% Papers
@InProceedings{abd-el-malek,
  author =       "Michael Abd-El-Malek and William V. Courtright II and
                 Chuck Cranor and Gregory R. Ganger and James Hendricks
                 and Andrew J. Klosterman and Michael Mesnier and Manish
                 Prasad and Brandon Salmon and Raja R. Sambasivan and
                 Shafeeq Sinnamohideen and John D. Strunk and Eno
                 Thereska and Matthew Wachs and Jay Y. Wylie",
  title =        "Ursa {Minor}: Versatile Cluster-based Storage",
  booktitle =    fast05,
  pages =        "59--72",
  year =         "2005",
  address =      sanfran,
  month =        dec,
}

@InProceedings{anderson,
  author =       "Thomas E. Anderson and Michael Dahlin and Jeanna M.
                 Neefe and David A. Patterson and Drew S. Roselli and
                 Randolph Y. Wang",
  title =        "Serverless Network File Systems",
  booktitle =    sosp95,
  pages =        "109--126",
  year =         "1995",
  address =      coppermountain,
  month =        dec,
}

@InProceedings{barham,
  author =       "Paul Barham and Boris Dragovic and Keir Fraser and
                 Steven Hand and Tim Harris and Alex Ho and Rolf
                 Neugebauer and Ian Pratt and Andrew Warfield",
  title =        "Xen and the Art of Virtualization",
  booktitle =    sosp03,
  pages =        "164--177",
  year =         "2003",
  address =      boltonlanding,
  month =        oct,
}

@InProceedings{bolosky,
  author =       "William J. Bolosky and John R. Douceur and David Ely
                 and Marvin Theimer",
  title =        "Feasibility of a Serverless Distributed File System
                 Deployed on an Existing Set of Desktop {PCs}",
  booktitle =    sigmetrics00,
  pages =        "34--43",
  year =         "2000",
  address =      santaclara,
  month =        jun,
}

@InProceedings{frolund,
  author =       "Svend Frølund and Arif Merchant and Yasushi Saito and
                 Susan Spence and Alistair Veitch",
  title =        "{FAB}: Enterprise Storage Systems on a Shoestring",
  booktitle =    hotos03,
  year =         "2003",
  address =      lihue,
  month =        jun,
}

@InProceedings{ghemawat,
  author =       "Sanjay Ghemawat and Howard Gobioff and Shun-Tak
                 Leung",
  title =        "The {Google} File System",
  booktitle =    sosp03,
  year =         "2003",
  address =      boltonlanding,
  month =        oct,
}

@InProceedings{kim,
  author =       "Minkyong Kim and Landon P. Cox and Brian D. Noble",
  title =        "Safety, Visibility, and Performance in a Wide-area
                 File System",
  booktitle =    fast02,
  year =         "2002",
  address =      monterey,
  month =        jan,
}

@InProceedings{kistler,
  author =       "James J. Kistler and Mahadev Satyanarayanan",
  title =        "Disconnected Operation in the {Coda} File System",
  booktitle =    sosp91,
  pages =        "213--225",
  year =         "1991",
  address =      pacificgrove,
  month =        oct,
}

@InProceedings{lee,
  author =       "Edward K. Lee and Chandramohan A. Thekkath",
  title =        "Petal: Distributed Virtual Disks",
  booktitle =    asplos96,
  pages =        "84--92",
  year =         "1996",
  address =      cambridge,
  month =        oct,
}

@InProceedings{moreton,
  author =       "Tim D. Moreton and Ian A. Pratt and Timothy L.
                 Harris",
  title =        "Storage, Mutability and Naming in {Pasta}",
  booktitle =    networking02,
  pages =        "215--219",
  year =         "2002",
  address =      london,
  publisher =    "Springer-Verlag",
}

@InProceedings{ng,
  author =       "Wee Teck Ng and Bruce Hillyer and Elizabeth Shriver
                 and Eran Gabber and Banu Özden",
  title =        "Obtaining High Performance for Storage Outsourcing",
  booktitle =    fast02,
  year =         "2002",
  address =      monterey,
  month =        jan,
}

@InProceedings{pawlowski,
  author =       "Brian Pawlowski and Chet Juszczak and Peter Staubach",
  title =        "{NFS} Version 3: Design and Implementation",
  booktitle =    usenix94,
  pages =        "137--152",
  year =         "1994",
  address =      boston,
  month =        jun,
}

@InProceedings{pike,
  author =       "Rob Pike and Dave Presotto and Ken Thompson and Howard
                 Trickey and Phil Winterbottom",
  title =        "The Use of Name Spaces in {Plan 9}",
  booktitle =    sigops92,
  pages =        "72--76",
  year =         "1992",
  address =      saintmichel,
  month =        sep,
}

@InProceedings{quinlan,
  author =       "Sean Quinlan and Sean Dorward",
  title =        "Venti: {A} New Approach to Archival Storage",
  booktitle =    fast02,
  year =         "2002",
  address =      monterey,
  month =        jan,
}

@InProceedings{rauch,
  author =       "Felix Rauch and Christian Kurmann and Thomas M.
                 Stricker",
  title =        "Partition Repositories for Partition Cloning---{OS}
                 Independent Software Maintenance in Large Clusters of
                 {PCs}",
  booktitle =    cluster00,
  year =         "2000",
  address =      chemnitz,
  month =        nov,
}

@InProceedings{rhea,
  author =       "Sean Rhea and Patrick Eaton and Dennis Geels and Hakim
                 Weatherspoon and Ben Zhao and John Kubiatowicz",
  title =        "Pond: The {OceanStore} Prototype",
  booktitle =    fast03,
  pages =        "1--14",
  year =         "2003",
  address =      sanfran,
  month =        mar,
}

@InProceedings{saito02,
  author =       "Yasushi Saito and Christos Karamanolis",
  title =        "Pangaea: {A} Symbiotic Wide-area File System",
  booktitle =    sigops02,
  year =         "2002",
  address =      saintemilion,
  month =        sep,
}

@InProceedings{saito04,
  author =       "Yasushi Saito and Svend Frølund and Alistair C.
                 Veitch and Arif Merchant and Susan Spence",
  title =        "{FAB}: Building Distributed Enterprise Disk Arrays
                 From Commodity Components",
  booktitle =    asplos04,
  pages =        "48--58",
  year =         "2004",
  address =      boston,
  month =        oct,
}

@InProceedings{sapuntzakis,
  author =       "Constantine P. Sapuntzakis and Ramesh Chandra and Ben
                 Pfaff and Jim Chow and Monica S. Lam and Mendel
                 Rosenblum",
  title =        "Optimizing the Migration of Virtual Computers",
  booktitle =    osdi02,
  year =         "2002",
  address =      boston,
  month =        dec,
}

@InProceedings{santry,
  author =       "Douglas S. Santry and Michael J. Feeley and Norman C.
                 Hutchinson and Alistair C. Veitch and Ross W. Carton
                 and Jacob Ofir",
  title =        "Deciding When to Forget in the {Elephant} File
                 System",
  booktitle =    sosp99,
  pages =        "110--123",
  year =         "1999",
  address =      charleston,
  month =        dec,
}

@InProceedings{sobti,
  author =       "Sumeet Sobti and Nitin Garg and Fengzhou Zheng and
                 Junwen Lai and Yilei Shao and Chi Zhang and Elisha
                 Ziskind",
  title =        "Segank: {A} Distributed Mobile Storage System",
  booktitle =    fast04,
  pages =        "239--252",
  year =         "2004",
  address =      sanfran,
  month =        mar,
}

@InProceedings{stein,
  author =       "Christopher A. Stein and Michael J. Tucker and Margo
                 I. Seltzer",
  title =        "Building a Reliable Mutable File System on
                 Peer-to-Peer Storage",
  booktitle =    srds02,
  pages =        "324--329",
  year =         "2002",
  address =      osaka,
  month =        oct,
}

@InProceedings{thekkath,
  author =       "Chandramohan A. Thekkath and Timothy Mann and Edward
                 K. Lee",
  title =        "Frangipani: {A} Scalable Distributed File System",
  booktitle =    sosp97,
  pages =        "224--237",
  year =         "1997",
  address =      saintmalo,
  month =        oct,
}

@InProceedings{vilayannur,
  author =       "Murali Vilayannur and Partho Nath and Anand
                 Sivasubramaniam",
  title =        "Providing Tunable Consistency for a Parallel File
                 Store",
  booktitle =    fast05,
  pages =        "17--30",
  year =         "2005",
  address =      sanfran,
  month =        dec,
}

@InProceedings{wang93,
  author =       "Randolph Y. Wang and Thomas E. Anderson",
  title =        "{xFS}: {A} Wide Area Mass Storage File System",
  booktitle =    workos93,
  pages =        "71--78",
  year =         "1993",
  address =      napa,
  month =        oct,
}

@TechReport{wang98,
  author =       "Randolph Y. Wang and Thomas E. Anderson and Michael D.
                 Dahlin",
  title =        "Experience with a Distributed File System
                 Implementation",
  institution =  "Computer Science Division, University of California at
                 Berkeley",
  year =         "1998",
  number =       "UCB/CSD-98-986",
  month =        jan,
}

@InProceedings{zhao,
  author =       "Ming Zhao and Jian Zhang and Renato Figueiredo",
  title =        "Distributed File System Support for Virtual Machines
                 in Grid Computing",
  booktitle =    hpdc04,
  year =         "2004",
  address =      honolulu,
  month =        jun,
}
