% Conferences
@String{afips65 = "Proceedings of AFIPS Fall Joint Computer Conference"}

@String{afips67 = "Proceedings of AFIPS Spring Joint Computer
                 Conference"}

@String{asplos91 = "Proceedings of the 4th International Conference on
                 Architectural Support for Programming Languages and
                 Operating Systems (ASPLOS~IV)"}

@String{asplos96 = "Proceedings of the 7th International Conference on
                 Architectural Support for Programming Languages and
                 Operating Systems (ASPLOS~VII)"}

@String{asplos98 = "Proceedings of the 8th International Conference on
                 Architectural Support for Programming Languages and
                 Operating Systems (ASPLOS~VIII)"}

@String{asplos00 = "Proceedings of the 9th International Conference on
                 Architectural Support for Programming Languages and
                 Operating Systems (ASPLOS~IX)"}

@String{asplos04 = "Proceedings of the 11th International Conference on
                 Architectural Support for Programming Languages and
                 Operating Systems (ASPLOS~XI)"}

@String{australia98 = "Proceedings of the 21st Australian Computer
                 Science Conference"}

@String{cluster00 = "Proceedings of the IEEE International Conference on
                 Cluster Computing 2000"}

@String{cmg98 =  "Proceedings of the 24th International Conference on
                 Technology Management and Performance Evaluation of
                 Enterprise-Wide Information Systems, Computer
                 Measurement Group"}

@String{compcon95 = "Proceedings of the 40th IEEE Computer Society
                 International Conference"}

@String{fast02 = "Proceedings of the 1st USENIX Conference on File and
                 Storage Technologies (FAST~'02)"}

@String{fast03 = "Proceedings of the 2nd USENIX Conference on File and
                 Storage Technologies (FAST~'03)"}

@String{fast04 = "Proceedings of the 3rd USENIX Conference on File and
                 Storage Technologies (FAST~'04)"}

@String{fast05 = "Proceedings of the 4th USENIX Conference on File and
                 Storage Technologies (FAST~'05)"}

@String{freenix05 = "Proceedings of the USENIX 2005 Annual Technical
                 Conference, FREENIX Track"}

@String{hotos99 = "Proceedings of the 7th USENIX Workshop on Hot Topics
                 in Operating Systems (HotOS~VII)"}

@String{hotos01 = "Proceedings of the 8th USENIX Workshop on Hot Topics
                 in Operating Systems (HotOS~VIII)"}

@String{hotos03 = "Proceedings of the 9th USENIX Workshop on Hot Topics
                 in Operating Systems (HotOS~IX)"}

@String{hotos05 = "Proceedings of the 10th USENIX Workshop on Hot Topics
                 in Operating Systems (HotOS~X)"}

@String{hpdc98 = "Proceedings of the 7th IEEE International Symposium on
                 High-Performance Distributed Computing"}

@String{hpdc04 = "Proceedings of the 13th IEEE International Symposium
                 on High-Performance Distributed Computing"}

@String{icdcs86 = "Proceedings of 6th IEEE International Conference on
                 Distributed Computing Systems (ICDCS~1986)"}

@String{icdcs99 = "Proceedings of 19th IEEE International Conference on
                 Distributed Computing Systems (ICDCS~1999)"}

@String{icdcs00 = "Proceedings of 20th IEEE International Conference on
                 Distributed Computing Systems (ICDCS~2000)"}

@String{icdcs02 = "Proceedings of 22nd IEEE International Conference on
                 Distributed Computing Systems (ICDCS~2002)"}

@String{lisa97 = "Proceedings of the 11th Systems Administration
                 Conference (LISA~'97)"}

@String{linuxexpo98 = "Proceedings of the 4th Annual Linux Expo
                 (LinuxExpo~'98)"}

@String{mobicomp94 = "Proceedings of the IEEE Workshop on Mobile
                 Computing Systems and Applications"}

@String{msst04 = "Proceedings of the 21st IEEE / 12th NASA Goddard
                 Conference on Mass Storage Systems and Technologies
                 (MSST~2004)"}

@String{networking02 = "Revised Papers from the NETWORKING~2002
                 Workshops on Web Engineering and Peer-to-Peer
                 Computing"}

@String{nsdi05 = "Proceedings of the 2nd Symposium on Networked Systems
                 Design and Implementation (NSDI~'05)"}

@String{nsdi06 = "Proceedings of the 3rd Symposium on Networked Systems
                 Design and Implementation (NSDI~'06)"}

@String{osdi94 = "Proceedings of the 1st Symposium on Operating Systems
                 Design and Implementation (OSDI~'94)"}

@String{osdi99 = "Proceedings of the 3rd Symposium on Operating Systems
                 Design and Implementation (OSDI~'99)"}

@String{osdi00 = "Proceedings of the 4th Symposium on Operating Systems
                 Design and Implementation (OSDI~'00)"}

@String{osdi02 = "Proceedings of the 5th Symposium on Operating Systems
                 Design and Implementation (OSDI~'02)"}

@String{osdi06 = "Proceedings of the 7th Symposium on Operating Systems
                 Design and Implementation (OSDI~'06)"}

@String{repdata90 = "Proceedings of the First Workshop on the Management
                 of Replicated Data"}

@String{sigcomm98 = "Proceedings of the ACM SIGCOMM~'98 Conference on
                 Applications, Technologies, Architectures, and
                 Protocols for Computer Communication"}

@String{sigmetrics94 = "Proceedings of the International Conference on
                 Measurements and Modeling of Computer Systems
                 (SIGMETRICS~'94)"}

@String{sigmetrics97 = "Proceedings of the International Conference on
                 Measurements and Modeling of Computer Systems
                 (SIGMETRICS~'97)"}

@String{sigmetrics98 = "Proceedings of the International Conference on
                 Measurements and Modeling of Computer Systems
                 (SIGMETRICS~'98)"}

@String{sigmetrics99 = "Proceedings of the International Conference on
                 Measurements and Modeling of Computer Systems
                 (SIGMETRICS~'99)"}

@String{sigmetrics00 = "Proceedings of the International Conference on
                 Measurements and Modeling of Computer Systems
                 (SIGMETRICS~'00)"}

@String{sigmod88 = "Proceedings of the 1988 ACM SIGMOD International
                 Conference on Management of Data"}

@String{sigops92 = "Proceedings of the 5th ACM~SIGOPS European
                 Workshop"}

@String{sigops98 = "Proceedings of the 8th ACM~SIGOPS European
                 Workshop"}

@String{sigops00 = "Proceedings of the 9th ACM~SIGOPS European
                 Workshop"}

@String{sigops02 = "Proceedings of the 10th ACM~SIGOPS European
                 Workshop"}

@String{sigops04 = "Proceedings of the 11th ACM~SIGOPS European
                 Workshop"}

@String{sigplan93 = "Proceedings of the ACM SIGPLAN 1993 Conference on
                 Programming Language Design and Implementation"}

@String{segdd05 = "Proceedings of the Second International IEEE
                 Symposium on Emergence of Globally Distributed Data"}

@String{sosp81 = "Proceedings of the 8th ACM Symposium on Operating
                 Systems Principles (SOSP~'81)"}

@String{sosp83 = "Proceedings of the 9th ACM Symposium on Operating
                 Systems Principles (SOSP~'83)"}

@String{sosp85 = "Proceedings of the 10th ACM Symposium on Operating
                 Systems Principles (SOSP~'85)"}

@String{sosp87 = "Proceedings of the 11th ACM Symposium on Operating
                 Systems Principles (SOSP~'87)"}

@String{sosp89 = "Proceedings of the 12th ACM Symposium on Operating
                 Systems Principles (SOSP~'89)"}

@String{sosp91 = "Proceedings of the 13th ACM Symposium on Operating
                 Systems Principles (SOSP~'91)"}

@String{sosp93 = "Proceedings of the 14th ACM Symposium on Operating
                 Systems Principles (SOSP~'93)"}

@String{sosp95 = "Proceedings of the 15th ACM Symposium on Operating
                 Systems Principles (SOSP~'95)"}

@String{sosp97 = "Proceedings of the 16th ACM Symposium on Operating
                 Systems Principles (SOSP~'97)"}

@String{sosp99 = "Proceedings of the 17th ACM Symposium on Operating
                 Systems Principles (SOSP~'99)"}

@String{sosp01 = "Proceedings of the 18th ACM Symposium on Operating
                 Systems Principles (SOSP~'01)"}

@String{sosp03 = "Proceedings of the 19th ACM Symposium on Operating
                 Systems Principles (SOSP~'03)"}

@String{sosp05 = "Proceedings of the 20th ACM Symposium on Operating
                 Systems Principles (SOSP~'05)"}

@String{srds01 = "Proceedings of the 20th Symposium on Reliable
                 Distributed Systems (SRDS~2001)"}

@String{srds02 = "Proceedings of the 21st Symposium on Reliable
                 Distributed Systems (SRDS~2002)"}

@String{ukuug90 = "Proceedings of the Summer UKUUG Conference"}

@String{usenix95 = "Proceedings of the USENIX 1995 Technical
                 Conference"}

@String{usenix96 = "Proceedings of the USENIX 1996 Annual Technical
                 Conference"}

@String{usenix00 = "Proceedings of the 2000 USENIX Annual Technical
                 Conference"}

@String{usenixsummer85 = "Proceedings of the USENIX Summer 1985
                 Conference"}

@String{usenixsummer90 = "Proceedings of the USENIX Summer 1990
                 Conference"}

@String{usenixsummer94 = "Proceedings of the USENIX Summer 1994
                 Technical Conference"}

@String{usenixwinter92 = "Proceedings of the USENIX Winter 1992
                 Technical Conference"}

@String{usenixwinter93 = "Proceedings of the USENIX Winter 1993
                 Technical Conference"}

@String{usenixwinter94 = "Proceedings of the USENIX Winter 1994
                 Technical Conference"}

@String{vldb81 = "Proceedings of the 7th International Conference on
                 Very Large Data Bases"}

@String{vldb92 = "Proceedings of the 18th International Conference on
                 Very Large Data Bases"}

@String{wcw02 =  "Proceedings of the 7th International Workshop on Web
                 Content Caching and Distribution (WCW~2002)"}

@String{workos93 = "Proceedings of the Fourth Workshop on Workstation
                 Operating Systems"}

@String{worlds04 = "Proceedings of the First Workshop on Real, Large
                 Distributed Systems (WORLDS~'04)"}

% Journals
@String{cacm =   "Communications of the ACM"}

@String{cs =     "Computing Systems"}

@String{ibmrd =  "IBM Journal of Research and Development"}

@String{ieeecomputer = "IEEE Computer"}

@String{ieeemicro = "IEEE Micro"}

@String{jacm =   "Journal of the ACM"}

@String{softeng = "IEEE Transactions on Software Engineering"}

@String{tc =     "IEEE Transactions on Computers"}

@String{tocs =   "ACM Transactions on Computer Systems (TOCS)"}

% Cities
@String{anaheim = "Anaheim, California"}

@String{asheville = "Asheville, North Carolina"}

@String{albuquerque = "Albuquerque, New Mexico"}

@String{atlanta = "Atlanta, Georgia"}

@String{atlanticcity = "Atlantic City, New Jersey"}

@String{austin = "Austin, Texas"}

@String{boulder = "Boulder, Colorado"}

@String{boltonlanding = "Bolton Landing, New York"}

@String{boston = "Boston, Massachusetts"}

@String{brettonwoods = "Bretton Woods, New Hampshire"}

@String{brighton = "Brighton, United Kingdom"}

@String{cambridge = "Cambridge, Massachusetts"}

@String{cannes = "Cannes, France"}

@String{charleston = "Charleston, South Carolina"}

@String{chemnitz = "Chemnitz, Germany"}

@String{chicago = "Chicago, Illinois"}

@String{collegepark = "College Park, Maryland"}

@String{coppermountain = "Copper Mountain Resort, Colorado"}

@String{durham = "Durham, North Carolina"}

@String{elmau =  "Elmau, Germany"}

@String{honolulu = "Honolulu, Hawaii"}

@String{houston = "Houston, Texas"}

@String{kolding = "Kolding, Denmark"}

@String{lakelouis = "Chateau Lake Louise, Banff, Canada"}

@String{leuven = "Leuven, Belgium"}

@String{lihue =  "Lihue, Hawaii"}

@String{litchfieldpark = "Litchfield Park, Arizona"}

@String{london = "London, United Kingdom"}

@String{madison = "Madison, Wisconsin"}

@String{monterey = "Monterey, California"}

@String{napa =   "Napa, California"}

@String{nashville = "Nashville, Tennessee"}

@String{neworleans = "New Orleans, Louisiana"}

@String{orcasisland = "Orcas Island, Washington"}

@String{osaka =  "Osaka, Japan"}

@String{pacificgrove = "Pacific Grove, California"}

@String{paloalto = "Palo Alto, California"}

@String{perth =  "Perth, Australia"}

@String{portland = "Portland, Oregon"}

@String{riorico = "Rio Rico, Arizona"}

@String{saintmichel = "Le Mont Saint-Michel, France"}

@String{saintemilion = "Saint-Emilion, France"}

@String{saintmalo = "Saint-Malo, France"}

@String{sandiego = "San Diego, California"}

@String{sanfran = "San Francisco, California"}

@String{sanjose = "San Jose, California"}

@String{santaclara = "Santa Clara, California"}

@String{santafe = "Santa Fe, New Mexico"}

@String{santacruz = "Santa Cruz, California"}

@String{sardinia = "Sardinia, Italy"}

@String{seattle = "Seattle, Washington"}

@String{sintra = "Sintra, Portugal"}

@String{taipei = "Taipei, Taiwan"}

@String{vancouver = "Vancouver, British Columbia, Canada"}

@String{vienna = "Vienna, Austria"}

% Papers
@InProceedings{abd-el-malek,
  author =       "Michael Abd-El-Malek and William V. Courtright II and
                 Chuck Cranor and Gregory R. Ganger and James Hendricks
                 and Andrew J. Klosterman and Michael Mesnier and Manish
                 Prasad and Brandon Salmon and Raja R. Sambasivan and
                 Shafeeq Sinnamohideen and John D. Strunk and Eno
                 Thereska and Matthew Wachs and Jay Y. Wylie",
  title =        "Ursa {M}inor: Versatile Cluster-based Storage",
  booktitle =    fast05,
  pages =        "59--72",
  year =         "2005",
  address =      sanfran,
  month =        dec,
}

@InProceedings{amir,
  author =       "Elan Amir and Steven McCanne and Randy H. Katz",
  title =        "An Active Service Framework and Its Application to
                 Real-Time Multimedia Transcoding",
  booktitle =    sigcomm98,
  pages =        "178--189",
  year =         "1998",
  address =      vancouver,
  month =        sep,
}

@InProceedings{adya,
  author =       "Atul Adya and William J. Bolosky and Miguel Castro and
                 Gerald Cermak and Ronnie Chaiken and John R. Douceur
                 and Jon Howell and Jacob R. Lorch and Marvin Theimer
                 and Roger P. Wattenhofer",
  title =        "{FARSITE}: Federated, Available, and Reliable Storage
                 for an Incompletely Trusted Environment",
  booktitle =    osdi02,
  pages =        "1--14",
  year =         "2002",
  address =      boston,
  month =        dec,
}

@Misc{amazon,
  key =          "Amazon",
  month =        oct,
  year =         "2006",
  title =        "Amazon Web Services",
  howpublished = "\biburl{http://aws.amazon.com/}",
}

,
month = oct,
year = {2006},
}

@InProceedings{amdahl,
  author =       "Gene M. Amdahl",
  title =        "Validity of the Single Processor Approach to Achieving
                 Large Scale Computing Capabilities",
  booktitle =    afips67,
  pages =        "483--485",
  year =         "1967",
  address =      atlanticcity,
  month =        apr,
}

@InProceedings{amiri,
  author =       "Khalil Amiri and Garth Gibson and Richard Golding",
  title =        "Highly Concurrent Shared Storage",
  booktitle =    icdcs00,
  pages =        "298--307",
  year =         "2000",
  month =        apr,
  address =      taipei,
}

@Article{anderson95a,
  author =       "Thomas E. Anderson and David E. Culler and David A.
                 Patterson",
  title =        "A Case for {NOW} (Networks of Workstations)",
  journal =      ieeemicro,
  year =         "1995",
  volume =       "15",
  number =       "1",
  pages =        "54--64",
  month =        feb,
}

@InProceedings{anderson95b,
  author =       "Thomas E. Anderson and Michael Dahlin and Jeanna M.
                 Neefe and David A. Patterson and Drew S. Roselli and
                 Randolph Y. Wang",
  title =        "Serverless Network File Systems",
  booktitle =    sosp95,
  pages =        "109--126",
  year =         "1995",
  address =      coppermountain,
  month =        dec,
}

@InProceedings{anderson97,
  author =       "Eric Anderson and Dave Patterson",
  title =        "Extensible, Scalable Monitoring for Clusters of
                 Computers",
  booktitle =    lisa97,
  pages =        "9--16",
  year =         "1997",
  address =      sandiego,
  month =        oct,
}

@InProceedings{awadallah,
  author =       "Amr A. Awadallah and Mendel Rosenblum",
  title =        "The {vMatrix}: {A} Network of Virtual Machine Monitors
                 for Dynamic Content Distribution",
  booktitle =    wcw02,
  year =         "2002",
  address =      boulder,
  month =        aug,
}

@InProceedings{baker91,
  author =       "Mary G. Baker and John H. Hartman and Michael D.
                 Kupfer and Ken W. Shirriff and John K. Ousterhout",
  title =        "Measurements of a Distributed File System",
  booktitle =    sosp91,
  pages =        "198--212",
  year =         "1991",
  address =      pacificgrove,
  month =        oct,
}

@PhdThesis{baker94,
  author =       "Mary G. Baker",
  title =        "Fast Crash Recovery in Distributed File Systems",
  school =       "University of California at Berkeley",
  year =         "1994",
}

@TechReport{baker02,
  author =       "Scott Baker and John H. Hartman",
  title =        "The {M}irage {NFS} Router",
  institution =  "Department of Computer Science, The University of
                 Arizona",
  year =         "2002",
  number =       "TR02-04",
  month =        nov,
}

@InProceedings{barham,
  author =       "Paul Barham and Boris Dragovic and Keir Fraser and
                 Steven Hand and Tim Harris and Alex Ho and Rolf
                 Neugebauer and Ian Pratt and Andrew Warfield",
  title =        "Xen and the Art of Virtualization",
  booktitle =    sosp03,
  pages =        "164--177",
  year =         "2003",
  address =      boltonlanding,
  month =        oct,
}

@InProceedings{bartlett,
  author =       "Joel F. Bartlett",
  title =        "A {NonStop} Kernel",
  booktitle =    sosp81,
  pages =        "22--29",
  year =         "1981",
  address =      pacificgrove,
  month =        dec,
}

@Article{birrell82,
  author =       "Andrew D. Birrell and Roy Levin and Michael D.
                 Schroeder and Roger M. Needham",
  title =        "Grapevine: An Exercise in Distributed Computing",
  journal =      cacm,
  year =         "1982",
  volume =       "25",
  number =       "4",
  pages =        "260--274",
  month =        apr,
}

@TechReport{birrell93,
  author =       "Andrew D. Birrell and Andy Hisgen and Chuck Jerian and
                 Timothy Mann and Garret Swart",
  title =        "The {E}cho Distributed File System",
  institution =  "Digital Equipment Corp.\ Systems Research Center",
  year =         "1993",
  number =       "111",
  address =      paloalto,
  month =        sep,
}

@Article{bittman,
  author =       "T. Bittman",
  title =        "Predicts 2004: Server Virtualization Evolves Rapidly",
  journal =      "Gartner",
  year =         "2003",
  month =        nov,
}

@InProceedings{blake,
  author =       "Charles Blake and Rodrigo Rodrigues",
  title =        "High Availability, Scalable Storage, Dynamic Peer
                 Networks: Pick Two",
  booktitle =    hotos03,
  year =         "2003",
  address =      lihue,
  month =        jun,
}

@PhdThesis{blaze,
  author =       "Matthew A. Blaze",
  title =        "Caching in Large-scale Distributed File Systems",
  school =       "Princeton University",
  year =         "1993",
  month =        jan,
}

@InProceedings{boehm,
  author =       "Hans-Juergen Boehm",
  title =        "Space-efficient Conservative Garbage Collection",
  booktitle =    sigplan93,
  pages =        "197--206",
  year =         "1993",
  address =      albuquerque,
  month =        jun,
}

@InProceedings{bolosky,
  author =       "William J. Bolosky and John R. Douceur and David Ely
                 and Marvin Theimer",
  title =        "Feasibility of a Serverless Distributed File System
                 Deployed on an Existing Set of Desktop {PCs}",
  booktitle =    sigmetrics00,
  pages =        "34--43",
  year =         "2000",
  address =      santaclara,
  month =        jun,
}

@Article{brown,
  author =       "Mark R. Brown and Karen N. Kolling and Edward A.
                 Taft",
  title =        "The {A}lpine File System",
  journal =      tocs,
  year =         "1985",
  volume =       "3",
  number =       "4",
  pages =        "261--293",
  month =        nov,
}

@PhdThesis{burns,
  author =       "Randal C. Burns",
  title =        "Data Management in a Distributed File System for
                 Storage Area Networks",
  school =       "University of California at Santa Cruz",
  year =         "2000",
}

@PhdThesis{burrows,
  author =       "Michael Burrows",
  title =        "Efficient Data Sharing",
  school =       "University of Cambridge Computer Laboratory",
  year =         "1988",
  month =        dec,
}

@Misc{callaghan,
  author =       "B. Callaghan and B. Pawlowski and P. Staubach",
  title =        "{NFS} Version 3 Protocol Specification",
  howpublished = "RFC 1813",
  month =        jun,
  year =         "1995",
}

@InProceedings{chaiken,
  author =       "David Chaiken and John Kubiatowicz and Anant Agarwal",
  title =        "Limit{LESS} Directories: {A} Scalable Cache Coherence
                 Scheme",
  booktitle =    asplos91,
  pages =        "224--234",
  year =         "1991",
  address =      santaclara,
  month =        apr,
}

@InProceedings{chen,
  author =       "Peter M. Chen and Brian D. Noble",
  title =        "When Virtual is Better Than Real",
  booktitle =    hotos01,
  year =         "2001",
  address =      elmau,
  month =        may,
}

@InProceedings{clark,
  author =       "Christopher Clark and Keir Fraser and Steven Hand and
                 Jacob Gorm Hansen and Eric Jul and Christian Limpach
                 and Ian Pratt and Andrew Warfield",
  title =        "Live Migration of Virtual Machines",
  booktitle =    nsdi05,
  pages =        "273--286",
  year =         "2005",
  address =      boston,
  month =        may,
}

@InProceedings{corbato,
  author =       "F. J. Corbató and V. A. Vyssotsky",
  title =        "Introduction and Overview of the Multics System",
  booktitle =    afips65,
  pages =        "185--196",
  year =         "1965",
  volume =       "27",
  month =        jun,
}

@InProceedings{dahlin94a,
  author =       "Michael Dahlin and Clifford Mather and Randolf Wang
                 and Thomas E. Anderson and David A. Patterson",
  title =        "A Quantitative Analysis of Cache Policies for Scalable
                 Network File Systems",
  booktitle =    sigmetrics94,
  pages =        "150--160",
  year =         "1994",
  address =      nashville,
  month =        may,
}

@InProceedings{dahlin94b,
  author =       "Michael Dahlin and Thomas Anderson and David Patterson
                 and Randolph Wang",
  title =        "Cooperative Caching: Using Remote Client Memory to
                 Improve File System Performance",
  booktitle =    osdi94,
  pages =        "267--280",
  year =         "1994",
  address =      monterey,
  month =        nov,
}

@InProceedings{demers,
  author =       "Alan Demers and Karin Petersen and Mike Spreitzer and
                 Douglas Terry and Marvin Theimer and Brent Welch",
  title =        "The {B}ayou Architecture: Support for Data Sharing
                 Among Mobile Users",
  booktitle =    mobicomp94,
  pages =        "2--7",
  year =         "1994",
  address =      santacruz,
  month =        dec,
}

@InProceedings{douceur99,
  author =       "John R. Douceur and William J. Bolosky",
  title =        "A Large-Scale Study of File-System Contents",
  booktitle =    sigmetrics99,
  pages =        "59--70",
  year =         "1999",
  address =      atlanta,
  month =        may,
}

@InProceedings{douceur01,
  author =       "John R. Douceur and Roger Wattenhofer",
  title =        "Optimizing File Availability in a Secure Serverless
                 Distributed File System",
  booktitle =    srds01,
  pages =        "4--13",
  year =         "2001",
  address =      neworleans,
  month =        oct,
}

@InProceedings{douceur02,
  author =       "John R. Douceur and Atul Adya and William J. Bolosky
                 and Dan Simon and Marvin Theimer",
  title =        "Reclaiming Space from Duplicate Files in a Serverless
                 Distributed File System",
  booktitle =    icdcs02,
  year =         "2002",
  address =      vienna,
  month =        jul,
}

@InProceedings{factor,
  author =       "Michael Factor and Kalman Methand Dalit Naor and Ohad
                 Rodeh and Julian Satran",
  title =        "Object Storage: The Future Building Block for Storage
                 Systems",
  booktitle =    segdd05,
  year =         "2005",
  address =      sardinia,
  month =        jun,
}

@InProceedings{fox,
  author =       "Armando Fox and Steven D. Gribble and Yatin Chawathe
                 and Eric A. Brewer and Paul Gauthier",
  title =        "Cluster-based Scalable Network Services",
  booktitle =    sosp97,
  pages =        "78--91",
  year =         "1997",
  address =      saintmalo,
  month =        oct,
}

@InProceedings{franklin,
  author =       "Michael J. Franklin and Michael J. Carey and Miron
                 Livny",
  title =        "Global Memory Management in Client-Server {DBMS}
                 Architectures",
  booktitle =    vldb92,
  pages =        "596--609",
  year =         "1992",
  address =      vancouver,
  month =        aug,
}

@InProceedings{frolund,
  author =       "Svend Frølund and Arif Merchant and Yasushi Saito and
                 Susan Spence and Alistair Veitch",
  title =        "{FAB}: Enterprise Storage Systems on a Shoestring",
  booktitle =    hotos03,
  year =         "2003",
  address =      lihue,
  month =        jun,
}

@InProceedings{fu,
  author =       "Kevin Fu and M. Frans Kaashoek and David Mazières",
  title =        "Fast and Secure Distributed Read-only File System",
  booktitle =    osdi00,
  pages =        "181--196",
  year =         "2000",
  address =      sandiego,
  month =        oct,
}

@InProceedings{ganger94,
  author =       "Gregory R. Ganger and Yale N. Patt",
  title =        "Metadata Update Performance in File Systems",
  booktitle =    osdi94,
  pages =        "49--60",
  year =         "1994",
  address =      monterey,
  month =        nov,
}

@TechReport{ganger03,
  author =       "Gregory R. Ganger and John D. Strunk and Andrew J.
                 Klosterman",
  title =        "Self-* {S}torage: Brick-based Storage with Automated
                 Administration",
  institution =  "Carnegie Mellon University",
  year =         "2003",
  number =       "CMU-CS-03-178",
  month =        aug,
}

@InProceedings{garfinkel,
  author =       "Tal Garfinkel and Ben Pfaff and Jim Chow and Mendel
                 Rosenblum and Dan Boneh",
  title =        "Terra: {A} Virtual-machine Based Platform for Trusted
                 Computing",
  booktitle =    sosp03,
  year =         "2003",
  address =      boltonlanding,
  month =        oct,
}

@InProceedings{ghemawat,
  author =       "Sanjay Ghemawat and Howard Gobioff and Shun-Tak
                 Leung",
  title =        "The {G}oogle File System",
  booktitle =    sosp03,
  year =         "2003",
  address =      boltonlanding,
  month =        oct,
}

@InProceedings{gibson97,
  author =       "Garth A. Gibson and David Nagle and Khalil Amiri and
                 Fay W. Chang and Eugene M. Feinberg and Howard Gobioff
                 and Chen Lee and Berend Ozceri and Erik Riedel and
                 David Rochberg and Jim Zelenka",
  title =        "File Server Scaling with Network-attached Secure
                 Disks",
  booktitle =    sigmetrics97,
  pages =        "272--284",
  year =         "1997",
  address =      seattle,
  month =        jun,
}

@InProceedings{gibson98a,
  author =       "Garth A. Gibson and David F. Nagle and Khalil Amiri
                 and Jeff Butler and Fay W. Chang and Howard Gobioff and
                 Charles Hardin and Erik Riedel and David Rochberg and
                 Jim Zelenka",
  title =        "A Cost-effective, High-bandwidth Storage
                 Architecture",
  booktitle =    asplos98,
  pages =        "92--103",
  year =         "1998",
  address =      sanjose,
  month =        oct,
}

@InProceedings{gibson98b,
  author =       "Timothy J. Gibson and Ethan L. Miller and Darrell D.
                 E. Long",
  title =        "Long-term File Activity and Inter-Reference Patterns",
  booktitle =    cmg98,
  pages =        "976--987",
  year =         "1998",
  address =      anaheim,
  month =        dec,
}

@Article{gifford,
  author =       "David K. Gifford and Roger M. Needham and Michael D.
                 Schroeder",
  title =        "The {C}edar file system",
  journal =      cacm,
  year =         "1988",
  volume =       "31",
  number =       "3",
  pages =        "288--298",
}

@InProceedings{gray81,
  author =       "Jim N. Gray",
  title =        "The Transaction Concept: Virtues and Limitations",
  booktitle =    vldb81,
  pages =        "144--154",
  year =         "1981",
  address =      cannes,
  month =        sep,
}

@InProceedings{gray89,
  author =       "Cary G. Gray and David R. Cheriton",
  title =        "Leases: An Efficient Fault-tolerant Mechanism for
                 Distributed File Cache Consistency",
  booktitle =    sosp89,
  pages =        "202--210",
  year =         "1989",
  address =      litchfieldpark,
  month =        dec,
}

@InProceedings{gribble,
  author =       "Steven D. Gribble and Gurmeet Singh Manku and Drew S.
                 Roselli and Eric A. Brewer and Timothy J. Gibson and
                 Ethan L. Miller",
  title =        "Self-similarity in File Systems",
  booktitle =    sigmetrics98,
  pages =        "141--150",
  year =         "1998",
  address =      madison,
  month =        jun,
}

@InProceedings{gronvall,
  author =       "Björn Grönvall and Assar Westerlund and Stephen
                 Pink",
  title =        "The Design of a Multicast-Based Distributed File
                 System",
  booktitle =    osdi99,
  pages =        "251--264",
  month =        feb,
  address =      neworleans,
  year =         "1999",
}

@Article{gum,
  author =       "Peter H. Gum",
  title =        "System/370 Extended Architecture: Facilities for
                 Virtual Machines",
  journal =      ibmrd,
  year =         "1983",
  volume =       "27",
  number =       "6",
  pages =        "530--544",
  month =        nov,
}

@InProceedings{hagmann,
  author =       "Robert Hagmann",
  title =        "Reimplementing the {C}edar File System Using Logging
                 and Group Commit",
  booktitle =    sosp87,
  pages =        "155--162",
  year =         "1987",
  address =      austin,
  month =        nov,
}

@InProceedings{hand,
  author =       "Steven Hand and Andrew Warfield and Keir Fraser and
                 Evangelos Kotsovinos and Dan Magenheimer",
  title =        "Are Virtual Machine Monitors Microkernels Done
                 Right?",
  booktitle =    hotos05,
  year =         "2005",
  address =      santafe,
  month =        jun,
}

@InProceedings{hartman93,
  author =       "John H. Hartman and John K. Ousterhout",
  title =        "The {Z}ebra Striped Network File System",
  booktitle =    sosp93,
  pages =        "29--43",
  year =         "1993",
  address =      asheville,
  month =        dec,
}

@InProceedings{hartman99,
  author =       "John H. Hartman and Ian Murdock and Tammo Spalink",
  title =        "The {Swarm} Scalable Storage System",
  booktitle =    icdcs99,
  month =        jun,
  year =         "1999",
  pages =        "74--81",
  address =      austin,
}

@InProceedings{hensbergen,
  author =       "Eric Van Hensbergen and Ron Minnich",
  title =        "Grave Robbers from Outer Space: Using {9P2000} Under
                 {L}inux",
  booktitle =    freenix05,
  pages =        "83--94",
  year =         "2005",
  address =      anaheim,
  month =        apr,
}

@InProceedings{hitz,
  author =       "Dave Hitz and James Lau and Michael Malcolm",
  title =        "File System Design for an {NFS} File Server
                 Appliance",
  booktitle =    usenixwinter94,
  pages =        "235--246",
  year =         "1994",
  address =      sanfran,
  month =        jan,
}

@InProceedings{hospodor,
  author =       "Andy Hospodor and Ethan L. Miller",
  title =        "Interconnection Architectures for Petabyte-Scale
                 High-Performance Storage Systems",
  booktitle =    msst04,
  pages =        "273--281",
  year =         "2004",
  address =      collegepark,
  month =        apr,
}

@Article{howard,
  author =       "John H. Howard and Michael L. Kazar and Sherri G.
                 Menees and David A. Nichols and M. Satyanarayanan and
                 Robert N. Sidebotham and Michael J. West",
  title =        "Scale and Performance in a Distributed File System",
  journal =      tocs,
  year =         "1988",
  volume =       "6",
  number =       "1",
  pages =        "51--81",
  month =        feb,
}

@TechReport{hsiao,
  author =       "Hui-I Hsiao and David J. DeWitt",
  title =        "Chained Declustering: {A} New Availability Strategy
                 for Multiprocessor Database Machines",
  number =       "CS TR 854",
  institution =  "University of Wisconsin, Madison",
  month =        jun,
  year =         "1989",
}

@TechReport{ji,
  author =       "Minwen Ji",
  title =        "Instant Snapshots in a Federated Array of Bricks",
  institution =  "HP Laboratories",
  year =         "2005",
  number =       "HPL-2005-15",
}

@Article{kallahalla,
  author =       "Mahesh Kallahalla and Mustafa Uysal and Ram
                 Swaminathan and David E. Lowell and Mike Wray and Tom
                 Christian and Nigel Edwards and Chris I. Dalton and
                 Frederic Gittler",
  month =        nov,
  year =         "2004",
  title =        "{SoftUDC}: {A} Software-Based Data Center for Utility
                 Computing",
  journal =      ieeecomputer,
  pages =        "46--54",
}

@TechReport{katcher,
  author =       "Jeffrey Katcher",
  title =        "{P}ost{M}ark: {A} New File System Benchmark",
  institution =  "Network Appliance",
  year =         "1997",
  number =       "TR3022",
  month =        oct,
}

@InProceedings{kazar,
  author =       "Michael L. Kazar and Bruce W. Leverett and Owen T.
                 Anderson and Vasilis Apostolides and Beth A. Bottos and
                 Sailesh Chutani and Craig Everhart and W. Anthony Mason
                 and Shu-Tsui Tu and Edward R. Zayas",
  title =        "{DEcorum} File System Architectural Overview",
  booktitle =    usenixsummer90,
  pages =        "151--164",
  year =         "1990",
  address =      anaheim,
  month =        jun,
}

@InProceedings{keleher,
  author =       "Pete Keleher and Sandhya Dwarkadas and Alan Cox and
                 Willy Zwaenepoel",
  title =        "Treadmarks: Distributed Shared Memory on Standard
                 Workstations and Operating Systems",
  booktitle =    usenixwinter94,
  pages =        "115--131",
  year =         "1994",
  address =      sanfran,
  month =        jan,
}

@InProceedings{khalidi,
  author =       "Yousef A. Khalidi and Michael N. Nelson",
  title =        "Extensible File Systems in {S}pring",
  booktitle =    sosp93,
  pages =        "1--15",
  year =         "1993",
  address =      asheville,
  month =        dec,
}

@InProceedings{kim,
  author =       "Minkyong Kim and Landon P. Cox and Brian D. Noble",
  title =        "Safety, Visibility, and Performance in a Wide-area
                 File System",
  booktitle =    fast02,
  year =         "2002",
  address =      monterey,
  month =        jan,
}

@InProceedings{king,
  author =       "Samuel T. King and Peter M. Chen",
  title =        "Backtracking Intrusions",
  booktitle =    sosp03,
  year =         "2003",
  pages =        "223--236",
  month =        oct,
  address =      boltonlanding,
}

@InProceedings{kistler,
  author =       "James J. Kistler and Mahadev Satyanarayanan",
  title =        "Disconnected Operation in the {C}oda File System",
  booktitle =    sosp91,
  pages =        "213--225",
  year =         "1991",
  address =      pacificgrove,
  month =        oct,
}

@TechReport{klosterman,
  author =       "Andrew J. Klosterman and Gregory Ganger",
  title =        "Cuckoo: Layered Clustering for {NFS}",
  institution =  "Carnegie Mellon University",
  year =         "2002",
  number =       "CMU-CS-02-183",
  month =        oct,
}

@InProceedings{kotsovinos,
  author =       "Evangelos Kotsovinos and Tim Moreton and Ian Pratt and
                 Russ Ross and Keir Fraser and Steven Hand and Tim
                 Harris",
  title =        "Global-scale Service Deployment in the {XenoServer}
                 Platform",
  booktitle =    worlds04,
  year =         "2005",
  address =      sanfran,
  month =        dec,
}

@InProceedings{kubiatowicz,
  author =       "John Kubiatowicz and David Bindel and Yan Chen and
                 Patrick Eaton and Dennis Geels and Ramakrishna Gummadi
                 and Sean Rhea and Hakim Weatherspoon and Westly Weimer
                 and Christopher Wells and Ben Zhao",
  title =        "Ocean{S}tore: An Architecture for Global-scale
                 Persistent Storage",
  booktitle =    asplos00,
  pages =        "190--201",
  year =         "2000",
  address =      cambridge,
  month =        nov,
}

@InProceedings{lee95,
  author =       "Edward K. Lee",
  title =        "Highly-available, Scalable Network Storage",
  booktitle =    compcon95,
  year =         "1995",
  month =        mar,
}

@InProceedings{lee96,
  author =       "Edward K. Lee and Chandramohan A. Thekkath",
  title =        "Petal: Distributed Virtual Disks",
  booktitle =    asplos96,
  pages =        "84--92",
  year =         "1996",
  address =      cambridge,
  month =        oct,
}

@InProceedings{liskov,
  author =       "Barbara Liskov and Sanjay Ghemawat and Robert Gruber
                 and Paul Johnson and Liuba Shrira and Michael
                 Williams",
  title =        "Replication in the {H}arp File System",
  booktitle =    sosp91,
  pages =        "226--238",
  year =         "1991",
  address =      pacificgrove,
  month =        oct,
}

@Misc{lustre,
  key =          "Lustre",
  title =        "Lustre",
  month =        oct,
  year =         "2006",
  howpublished = "\texttt{http://www.lustre.org/}",
}

@Article{mann,
  author =       "Timothy Mann and Andrew Birrell and Andy Hisgen and
                 Charles Jerian and Garret Swart",
  title =        "A Coherent Distributed File Cache with Directory
                 Write-behind",
  journal =      tocs,
  year =         "1994",
  volume =       "12",
  number =       "2",
  pages =        "123--164",
  month =        may,
}

@InProceedings{mcgregor,
  author =       "A. {McGregor} and J. Cleary",
  title =        "A Block-based Network File System",
  booktitle =    australia98,
  pages =        "133--144",
  year =         "1998",
  address =      perth,
  month =        feb,
  publisher =    "Springer",
}

@Article{mckusick,
  author =       "Marshall K. McKusick and William N. Joy and Samuel J.
                 Leffler and Robert S. Fabry",
  title =        "A Fast File System for {UNIX}",
  journal =      tocs,
  year =         "1984",
  volume =       "2",
  number =       "3",
  pages =        "181--197",
  month =        aug,
}

@InProceedings{moreton,
  author =       "Tim D. Moreton and Ian A. Pratt and Timothy L.
                 Harris",
  title =        "Storage, Mutability and Naming in {P}asta",
  booktitle =    networking02,
  pages =        "215--219",
  year =         "2002",
  address =      london,
  publisher =    "Springer-Verlag",
}

@InProceedings{mummert,
  author =       "Lily B. Mummert and Maria R. Ebling and M.
                 Satyanarayanan",
  title =        "Exploiting Weak Connectivity for Mobile File Access",
  booktitle =    sosp95,
  pages =        "143--155",
  year =         "1995",
  address =      coppermountain,
  month =        dec,
}

@InProceedings{muntz,
  author =       "D. Muntz and P. Honeyman",
  title =        "Multi-level Caching in Distributed File Systems or
                 Your cache ain't nothin' but trash",
  booktitle =    usenixwinter92,
  pages =        "305--313",
  year =         "1992",
  address =      sanfran,
  month =        jan,
}

@InProceedings{muthitacharoen,
  author =       "Athicha Muthitacharoen and Benjie Chen and David
                 Mazieres",
  title =        "A Low-bandwidth Network File System",
  booktitle =    sosp01,
  pages =        "174--187",
  year =         "2001",
  address =      lakelouis,
  month =        oct,
}

@Article{nelson,
  author =       "Michael N. Nelson and Brent B. Welch and John K.
                 Ousterhout",
  title =        "Caching in the {S}prite Network File System",
  journal =      tocs,
  year =         "1988",
  volume =       "6",
  number =       "1",
  pages =        "134--154",
  month =        feb,
}

@Article{neuman,
  author =       "B. Clifford Neuman",
  title =        "The {P}rospero File System: {A} Global File System
                 Based on the Virtual System Model",
  journal =      cs,
  year =         "1992",
  volume =       "5",
  number =       "4",
  pages =        "407--432",
}

@InProceedings{nightengale,
  author =       "Edmund B. Nightingale and Peter Chen and Jason Flinn",
  title =        "Speculative Execution in a Distributed File System",
  booktitle =    sosp05,
  year =         "2005",
  address =      brighton,
  month =        oct,
}

@InProceedings{ng,
  author =       "Wee Teck Ng and Bruce Hillyer and Elizabeth Shriver
                 and Eran Gabber and Banu Özden",
  title =        "Obtaining High Performance for Storage Outsourcing",
  booktitle =    fast02,
  year =         "2002",
  address =      monterey,
  month =        jan,
}

@InProceedings{ousterhout,
  author =       "John K. Ousterhout and Herve Da Costa and David
                 Harrison and John Kunze and Mike Kupfer and James
                 Thompson",
  title =        "A Trace-Driven Analysis of the {UNIX} 4.2 {BSD} File
                 System",
  booktitle =    sosp85,
  pages =        "15--24",
  year =         "1985",
  address =      orcasisland,
  month =        dec,
}

@InProceedings{patterson,
  author =       "David A. Patterson and Garth Gibson and Randy H.
                 Katz",
  title =        "A Case for Redundant Arrays of Inexpensive Disks
                 ({RAID})",
  booktitle =    sigmod88,
  pages =        "109--116",
  year =         "1988",
  address =      chicago,
  month =        jun,
}

@InProceedings{pawlowski,
  author =       "Brian Pawlowski and Chet Juszczak and Peter Staubach",
  title =        "{NFS} Version 3: Design and Implementation",
  booktitle =    usenixsummer94,
  pages =        "137--152",
  year =         "1994",
  address =      boston,
  month =        jun,
}

@InProceedings{pfaff,
  author =       "Ben Pfaff and Tal Garfinkel and Mendel Rosenblum",
  title =        "Virtualization Aware File Systems: Getting Beyond the
                 Limitations of Virtual Disks",
  booktitle =    nsdi06,
  pages =        "353--366",
  year =         "2006",
  address =      sanjose,
  month =        may,
}

@InProceedings{pike90,
  author =       "Rob Pike and Dave Presotto and Ken Thompson and Howard
                 Trickey",
  title =        "{Plan 9} from {B}ell {L}abs",
  booktitle =    ukuug90,
  pages =        "1--9",
  year =         "1990",
  address =      london,
  month =        jul,
}

@InProceedings{pike92,
  author =       "Rob Pike and Dave Presotto and Ken Thompson and Howard
                 Trickey and Phil Winterbottom",
  title =        "The Use of Name Spaces in {Plan 9}",
  booktitle =    sigops92,
  pages =        "72--76",
  year =         "1992",
  address =      saintmichel,
  month =        sep,
}

@Manual{9man,
  author =       "Rob Pike",
  title =        "Plan 9 Programmer’s Manual, Volume 1",
  organization = "Bell Laboratories",
  address =      "Murray Hill, New Jersey",
  year =         "1995",
}

@InProceedings{popek,
  author =       "Gerald J. Popek and Richard G. Guy and Thomas W. Page
                 Jr. and John S. Heidemann",
  title =        "Replication in {F}icus Distributed File Systems",
  booktitle =    repdata90,
  pages =        "5--10",
  year =         "1990",
  address =      houston,
  month =        nov,
}

@InProceedings{quinlan,
  author =       "Sean Quinlan and Sean Dorward",
  title =        "Venti: {A} New Approach to Archival Storage",
  booktitle =    fast02,
  year =         "2002",
  address =      monterey,
  month =        jan,
}

@Article{rabin,
  author =       "Michael O. Rabin",
  title =        "Efficient Dispersal of Information for Security, Load
                 Balancing, and Fault Tolerance",
  journal =      jacm,
  year =         "1989",
  volume =       "36",
  number =       "2",
  pages =        "335--348",
  month =        apr,
}

@InProceedings{rauch,
  author =       "Felix Rauch and Christian Kurmann and Thomas M.
                 Stricker",
  title =        "Partition Repositories for Partition Cloning---{OS}
                 Independent Software Maintenance in Large Clusters of
                 {PCs}",
  booktitle =    cluster00,
  year =         "2000",
  address =      chemnitz,
  month =        nov,
}

@InProceedings{reed,
  author =       "Dickon Reed and Ian Pratt and Paul Menage and Stephen
                 Early and Neil Stratford",
  title =        "Xenoservers: Accountable Execution of Untrusted
                 Programs",
  booktitle =    hotos99,
  pages =        "136--141",
  year =         "1999",
  address =      riorico,
  month =        mar,
}

@InProceedings{rhea,
  author =       "Sean Rhea and Patrick Eaton and Dennis Geels and Hakim
                 Weatherspoon and Ben Zhao and John Kubiatowicz",
  title =        "Pond: The {OceanStore} Prototype",
  booktitle =    fast03,
  pages =        "1--14",
  year =         "2003",
  address =      sanfran,
  month =        mar,
}

@InProceedings{roscoe,
  author =       "Timothy Roscoe and Bryan Lyles",
  title =        "Distributing Processing without {DPEs}: Design
                 Considerations for Public Computing Platforms",
  booktitle =    sigops00,
  year =         "2000",
  address =      kolding,
  month =        sep,
}

@InProceedings{roselli,
  author =       "Drew Roselli and Jacob R. Lorch and Thomas E.
                 Anderson",
  title =        "A Comparison of File System Workloads",
  booktitle =    usenix00,
  pages =        "41--54",
  year =         "2000",
  address =      sandiego,
  month =        jun,
}

@InProceedings{rosenblum,
  author =       "Mendel Rosenblum and John K. Ousterhout",
  title =        "The Design and Implementation of a Log-Structured File
                 System",
  booktitle =    sosp91,
  pages =        "1--15",
  year =         "1991",
  address =      pacificgrove,
  month =        oct,
}

@InProceedings{ruemmler,
  author =       "Chris Ruemmler and John Wilkes",
  title =        "{UNIX} Disk Access Patterns",
  booktitle =    usenixwinter93,
  pages =        "405--420",
  year =         "1993",
  address =      sandiego,
  month =        jan,
}

@InProceedings{saito02,
  author =       "Yasushi Saito and Christos Karamanolis",
  title =        "Pangaea: {A} Symbiotic Wide-area File System",
  booktitle =    sigops02,
  year =         "2002",
  address =      saintemilion,
  month =        sep,
}

@InProceedings{saito04,
  author =       "Yasushi Saito and Svend Frølund and Alistair C.
                 Veitch and Arif Merchant and Susan Spence",
  title =        "{FAB}: Building Distributed Enterprise Disk Arrays
                 From Commodity Components",
  booktitle =    asplos04,
  pages =        "48--58",
  year =         "2004",
  address =      boston,
  month =        oct,
}

@InProceedings{sandberg,
  author =       "Russel Sandberg and David Goldberg and Steve Kleiman
                 and Dan Walsh and Bob Lyon",
  title =        "Design and Implementation of the {S}un {N}etwork
                 {F}ilesystem",
  booktitle =    usenixsummer85,
  pages =        "119--130",
  year =         "1985",
  address =      portland,
  month =        jun,
}

@InProceedings{santry,
  author =       "Douglas S. Santry and Michael J. Feeley and Norman C.
                 Hutchinson and Alistair C. Veitch and Ross W. Carton
                 and Jacob Ofir",
  title =        "Deciding When to Forget in the {E}lephant File
                 System",
  booktitle =    sosp99,
  pages =        "110--123",
  year =         "1999",
  address =      charleston,
  month =        dec,
}

@InProceedings{sapuntzakis02,
  author =       "Constantine P. Sapuntzakis and Ramesh Chandra and Ben
                 Pfaff and Jim Chow and Monica S. Lam and Mendel
                 Rosenblum",
  title =        "Optimizing the Migration of Virtual Computers",
  booktitle =    osdi02,
  year =         "2002",
  address =      boston,
  month =        dec,
}

@InProceedings{sapuntzakis03,
  title =        "Virtual Appliances in the Collective: {A} Road to
                 Hassle-free Computing",
  author =       "Constantine Sapuntzakis and Monica S. Lam",
  booktitle =    hotos03,
  address =      lihue,
  month =        jun,
  year =         "2003",
}

@InProceedings{satyanarayanan85,
  author =       "M. Satyanarayanan and John H. Howard and David A.
                 Nichols and Robert N. Sidebotham and Alfred Z. Spector
                 and Michael J. West",
  title =        "The {ITC} Distributed File System: Principles and
                 Design",
  booktitle =    sosp85,
  pages =        "35--50",
  year =         "1985",
  address =      orcasisland,
  month =        dec,
}

@Article{satyanarayanan90,
  author =       "M. Satyanarayanan and James J. Kistler and Puneet
                 Kumar and Maria E. Okasaki and Ellen H. Siegel and
                 David C. Steere",
  title =        "Coda: {A} Highly Available File System for a
                 Distributed Workstation Environment",
  journal =      tc,
  year =         "1990",
  volume =       "39",
  number =       "4",
  pages =        "447--459",
  month =        apr,
}

@InProceedings{seltzer95,
  author =       "Margo Seltzer and Keith A. Smith and Hari Balakrishnan
                 and Jacqueline Chang and Sara McMains and Venkata
                 Padmanabhan",
  title =        "File System Logging Versus Clustering: {A} Performance
                 Comparison",
  booktitle =    usenix95,
  pages =        "249--264",
  year =         "1995",
  address =      neworleans,
  month =        jan,
}

@InProceedings{seltzer00,
  author =       "Margo I. Seltzer and Gregory R. Ganger and M. Kirk
                 McKusick and Keith A. Smith and Craig A. N. Soules and
                 Christopher A. Stein",
  title =        "Journaling Versus Soft Updates: Asynchronous Meta-data
                 Protection in File Systems",
  booktitle =    usenix00,
  pages =        "71--84",
  year =         "2000",
  address =      sandiego,
  month =        jun,
}

@InProceedings{shapiro,
  author =       "Marc Shapiro",
  title =        "Structure and Encapsulation in Distributed Systems:
                 the Proxy Principle",
  booktitle =    icdcs86,
  pages =        "198--204",
  year =         "1986",
  address =      cambridge,
  month =        may,
}

@Article{shoch,
  author =       "John F. Shoch and Jon A. Hupp",
  title =        "The ``Worm'' Programs---Early Experience with a
                 Distributed Computation",
  journal =      cacm,
  year =         "1982",
  volume =       "25",
  number =       "3",
  pages =        "172--180",
  month =        mar,
}

@InProceedings{schroeder,
  author =       "Michael D. Schroeder and David K. Gifford and Roger M.
                 Needham",
  title =        "A Caching File System for a Programmer's Workstation",
  booktitle =    sosp85,
  pages =        "25--34",
  year =         "1985",
  address =      orcasisland,
  month =        dec,
}

@InProceedings{sobti,
  author =       "Sumeet Sobti and Nitin Garg and Fengzhou Zheng and
                 Junwen Lai and Yilei Shao and Chi Zhang and Elisha
                 Ziskind",
  title =        "Segank: {A} Distributed Mobile Storage System",
  booktitle =    fast04,
  pages =        "239--252",
  year =         "2004",
  address =      sanfran,
  month =        mar,
}

@InProceedings{soules,
  author =       "Craig A. N. Soules and Garth R. Goodson and John D.
                 Strunk and Greg Ganger",
  title =        "Metadata Efficiency in Versioning File Systems",
  booktitle =    fast03,
  pages =        "43--58",
  year =         "2003",
  address =      sanfran,
  month =        mar,
}

@Misc{spring,
  author =       "Tom Spring",
  title =        "{PCWorld.com} interview with {E}ric {S}chmidt: Three
                 minutes with {G}oogle's {E}ric {S}chmidt",
  month =        feb,
  year =         "2002",
  howpublished = "\biburl{http://archives.cnn.com/2002/TECH/internet/02/01/interview.eric.schmidt.idg/index.html}",
}

@InProceedings{stein02,
  author =       "Christopher A. Stein and Michael J. Tucker and Margo
                 I. Seltzer",
  title =        "Building a Reliable Mutable File System on
                 Peer-to-Peer Storage",
  booktitle =    srds02,
  pages =        "324--329",
  year =         "2002",
  address =      osaka,
  month =        oct,
}

@InProceedings{stein05,
  author =       "Lex Stein",
  title =        "Stupid File Systems Are Better",
  booktitle =    hotos05,
  year =         "2005",
  address =      santafe,
  month =        jun,
}

@InProceedings{sweeney,
  author =       "Adam Sweeney and Doug Doucette and Wei Hu and Curtis
                 Anderson and Mike Nishimoto and Geoff Peck",
  title =        "Scalability in the {XFS} File System",
  booktitle =    usenix96,
  pages =        "1--14",
  year =         "1996",
  address =      sandiego,
  month =        jan,
}

@InProceedings{thekkath,
  author =       "Chandramohan A. Thekkath and Timothy Mann and Edward
                 K. Lee",
  title =        "Frangipani: {A} Scalable Distributed File System",
  booktitle =    sosp97,
  pages =        "224--237",
  year =         "1997",
  address =      saintmalo,
  month =        oct,
}

@Article{triantafillou,
  author =       "Peter Triantafillou and Carl Neilson",
  title =        "Achieving Strong Consistency in a Distributed File
                 System",
  journal =      softeng,
  year =         "1997",
  volume =       "23",
  number =       "1",
  pages =        "35--55",
  month =        jan,
}

@InProceedings{tullmann,
  author =       "Patrick Tullmann and Jay Lepreau",
  title =        "Nested {Java} Processes: {OS} Structure for Mobile
                 Code",
  booktitle =    sigops98,
  pages =        "111--117",
  address =      sintra,
  month =        sep,
}

@InProceedings{tweedie,
  author =       "Stephen Tweedie",
  title =        "Journaling the {L}inux ext2fs Filesystem",
  booktitle =    linuxexpo98,
  pages =        "25--29",
  year =         "1998",
  address =      durham,
  month =        may,
}

@InProceedings{vahdat,
  author =       "Amin Vahdat and Tom Anderson and Mike Dahlin and
                 Eshwar Belani and David Culler and Paul Eastham and
                 Chad Yoshikawa",
  title =        "{WebOS}: Operating System Services For Wide Area
                 Applications",
  booktitle =    hpdc98,
  pages =        "52--63",
  year =         "1998",
  address =      chicago,
  month =        jul,
}

@InProceedings{vilayannur,
  author =       "Murali Vilayannur and Partho Nath and Anand
                 Sivasubramaniam",
  title =        "Providing Tunable Consistency for a Parallel File
                 Store",
  booktitle =    fast05,
  pages =        "17--30",
  year =         "2005",
  address =      sanfran,
  month =        dec,
}

@TechReport{waldo,
  author =       "Jim Waldo and Geoff Wyant and Ann Wollrath and Sam
                 Kendall",
  title =        "A Note on Distributed Computing",
  institution =  "Sun Microsystems Labs",
  year =         "1944",
  number =       "SMLI TR-94-29",
  month =        nov,
}

@InProceedings{walker,
  author =       "Bruce Walker and Gerald Popek and Robert English and
                 Charles Kline and Greg Thiel",
  title =        "The {LOCUS} Distributed File System",
  booktitle =    sosp93,
  pages =        "49--70",
  year =         "1983",
  address =      brettonwoods,
  month =        oct,
}

@InProceedings{wang93,
  author =       "Randolph Y. Wang and Thomas E. Anderson",
  title =        "{xFS}: {A} Wide Area Mass Storage File System",
  booktitle =    workos93,
  pages =        "71--78",
  year =         "1993",
  address =      napa,
  month =        oct,
}

@TechReport{wang98,
  author =       "Randolph Y. Wang and Thomas E. Anderson and Michael D.
                 Dahlin",
  title =        "Experience with a Distributed File System
                 Implementation",
  institution =  "Computer Science Division, University of California at
                 Berkeley",
  year =         "1998",
  number =       "UCB/CSD-98-986",
  month =        jan,
}

@InProceedings{warfield,
  author =       "Andrew Warfield and Russ Ross and Keir Fraser and
                 Christian Limpach and Steven Hand",
  title =        "Parallax: Managing Storage for a Million Machines",
  booktitle =    hotos05,
  year =         "2005",
  address =      santafe,
  month =        jun,
}

@InProceedings{weil,
  author =       "Sage A. Weil and Scott A. Brandt and Ethan L. Miller
                 and Darrell D. E. Long and Carlos Maltzahn",
  title =        "Ceph: {A} Scalable, High-Performance Distributed File
                 System",
  booktitle =    osdi06,
  year =         "2006",
  address =      seattle,
  month =        nov,
}

@Article{welch,
  author =       "Brent B. Welch",
  title =        "Measured Performance of Caching in the {Sprite}
                 Network File System",
  year =         "1991",
  journal =      cs,
  pages =        "315--342",
  number =       "4",
  volume =       "3",
}

@InProceedings{whitaker,
  author =       "Andrew Whitaker and Richard S. Cox and Steven D.
                 Gribble",
  title =        "Using Time Travel to Diagnose Computer Problems",
  booktitle =    sigops04,
  year =         "2004",
  address =      leuven,
  month =        sep,
}

@InProceedings{wilkes95,
  author =       "John Wilkes and Richard Golding and Carl Staelin and
                 Tim Sullivan",
  title =        "The {HP} {AutoRAID} Hierarchical Storage System",
  booktitle =    sosp95,
  pages =        "96--108",
  year =         "1995",
  address =      coppermountain,
  month =        dec,
}

@InProceedings{wilkes04,
  title =        "Utilification",
  author =       "John Wilkes and Jeffrey Mogul and Jaap Suermondt",
  booktitle =    sigops04,
  year =         "2004",
  address =      leuven,
  month =        sep,
}

@InProceedings{zhao,
  author =       "Ming Zhao and Jian Zhang and Renato Figueiredo",
  title =        "Distributed File System Support for Virtual Machines
                 in Grid Computing",
  booktitle =    hpdc04,
  pages =        "202--211",
  year =         "2004",
  address =      honolulu,
  month =        jun,
}
